<record><leader>00000cas a22000007a 4500</leader><controlfield tag="001">12158441</controlfield><controlfield tag="008">850614d18831915paudr ne      0    0eng d</controlfield><datafield ind1=" " ind2=" " tag="010"><subfield code="a">sn 85054653 </subfield></datafield><datafield ind1=" " ind2=" " tag="040"><subfield code="a">NPH</subfield><subfield code="b">eng</subfield><subfield code="c">NPH</subfield><subfield code="d">OCLCQ</subfield></datafield><datafield ind1=" " ind2=" " tag="042"><subfield code="a">msc</subfield></datafield><datafield ind1="0" ind2=" " tag="130"><subfield code="a">Daily democrat (Lock Haven, Pa.)</subfield></datafield><datafield ind1="1" ind2="4" tag="245"><subfield code="a">The daily democrat.</subfield></datafield><datafield ind1=" " ind2=" " tag="260"><subfield code="a">Lock Haven, Pa :</subfield><subfield code="b">[s.n.]</subfield></datafield><datafield ind1=" " ind2=" " tag="300"><subfield code="a">v. ;</subfield><subfield code="c">54-59 cm.</subfield></datafield><datafield ind1=" " ind2=" " tag="310"><subfield code="a">Daily</subfield></datafield><datafield ind1="1" ind2=" " tag="362"><subfield code="a">Began in 1883; ceased in 1915?</subfield><subfield code="z">Cf. Rossell, G. Pennsylvania newspapers.</subfield></datafield><datafield ind1=" " ind2=" " tag="500"><subfield code="a">Published by Thieleck and Bro., &lt;Apr. 1, 1885&gt;.</subfield></datafield><datafield ind1=" " ind2=" " tag="588"><subfield code="a">Description based on: Vol. 1, no. 29 (Sept. 25, 1884).</subfield></datafield><datafield ind1=" " ind2=" " tag="752"><subfield code="a">United States</subfield><subfield code="b">Pennsylvania</subfield><subfield code="c">Clinton</subfield><subfield code="d">Lock Haven.</subfield></datafield></record>